@article{Ranguelov_2011,
author = {Ranguelov, Bogdan and Goranova, Desislava and Tonchev, Vesselin and Yakimova, Rositsa},
year = {2011},
month = {05},
pages = {},
title = {Diffusion Limited Aggregation with modified local rules},
volume = {65},
journal = {Comptes Rendus de L'Academie Bulgare des Sciences}
}

@Article{Shaikh_2022,
  author="Shaikh, Yusuf Hanif and Pathan, J.M. and Jallel, Abdul and Khan, A. R.",
  title="Nickel Dendritic Pattern in Electrodeposition at Different Temperatures", 
  journal="ES Materials $\&$ Manufacturing",
  year="2022",
  volume="15",
  pages="78-84",
  issn="2576-9898",
  doi="10.30919/esmm5f462",
  url="http://dx.doi.org/10.30919/esmm5f462"
}

@inproceedings{Sadovnik_2016,
  title={A Central Limit Theorem for Fluctuations of Internal Diffusion-Limited Aggregation with Multiple Sources UROP + Final Paper 2016},
  author={E. V. Sadovnik},
  year={2016},
  url = {https://math.mit.edu/research/undergraduate/urop-plus/documents/2016/Sadovnik.pdf [accessed 23/03/2022]}
}

@article{Li_2008,
  title={Using Elemental Se and Ag to Grow Pure Ag2Se Dendrites/Dendritic-Films of Highly Oriented (001) Nanocrystals},
  author={Dapeng Li and Zhi Zheng and Zheng Shui and Mingqiang Long and Jie Yu and Ka Wai Wong and Lin Yang and ‖ and Lizhi Zhang and Woon-Ming Lau},
  journal={Journal of Physical Chemistry C},
  year={2008},
  volume={112},
  pages={2845-2850}
}

@inproceedings{Eden_1961,
  author = {Eden, M.},
  year = {1961},
  title = {A two-dimensional growth process},
  booktitle = {Proceedings of Fourth Berkeley Symposium on Mathematics},
  booksubtitle = {Statistics, and Probability},
  volume = {4},
  publisher = {University of California Press.},
  pages = {223–239},
}

@article{Mathiesen_2005,
  title={The universality class of diffusion-limited aggregation and viscous fingering},
  author={Joachim Mathiesen and Itamar Procaccia and Harry L. Swinney and Matthew Thrasher},
  journal={EPL},
  year={2005},
  volume={76},
  pages={257-263}
}

@article{Carlock_2016,
  title={Universality of fractal to non-fractal morphological transitions in stochastic growth processes},
  author={J. R. Nicol'as-Carlock and Jos{\'e} Luis E. Carrillo-Estrada and V'ictor Dossetti},
  journal={arXiv: Statistical Mechanics},
  year={2016}
}

@article{Tenti_2021,
    title = {Fractal dimension of diffusion-limited aggregation clusters grown on spherical surfaces},
    author = {Tenti, J. M. and Hern\'andez Guiance, S. N. and Irurzun, I. M.},
    journal = {Phys. Rev. E},
    volume = {103},
    issue = {1},
    pages = {012138},
    numpages = {6},
    year = {2021},
    month = {Jan},
    publisher = {American Physical Society},
    doi = {10.1103/PhysRevE.103.012138},
    url = {https://link.aps.org/doi/10.1103/PhysRevE.103.012138}
}

@article{Salcedo-Sanz_2019,
  title = {Hybrid L-systems–Diffusion Limited Aggregation schemes},
  journal = {Physica A: Statistical Mechanics and its Applications},
  volume = {514},
  pages = {592-605},
  year = {2019},
  issn = {0378-4371},
  doi = {https://doi.org/10.1016/j.physa.2018.09.127},
  url = {https://www.sciencedirect.com/science/article/pii/S0378437118312676},
  author = {S. Salcedo-Sanz and L. Cuadra},
  keywords = {L-Systems, Diffusion Limited Aggregation, Non-equilibrium growth models, Hybrid schemes},
}

@book {Mandelbrot_1982,
  title = {The Fractal Geometry of Nature},
  year = {1982},
  pages = {468},
  publisher = {Benoit B. Mandelbrot },
  organization = {Benoit B. Mandelbrot },
  edition = {1},
  isbn = {0716711869},
  issn = {978-0716711865},
  author = {Benoit B. Mandelbrot}
}

@article{Pietronero_1984,
  author = {Pietronero, L. and Wiesmann, H.J.},
  title = {Stochastic model for dielectric breakdown.},
  journal = {J Stat Phys},
  volume = {36},
  pages = {909–916},
  year = {1984},
  doi = {https://doi.org/10.1007/BF01012949},
}

@article{Irurzun_2002,
  title = {Dielectric breakdown in solids modeled by DBM and DLA},
  journal = {Chaos, Solitons \& Fractals},
  volume = {13},
  number = {6},
  pages = {1333-1343},
  year = {2002},
  issn = {0960-0779},
  doi = {https://doi.org/10.1016/S0960-0779(01)00142-4},
  url = {https://www.sciencedirect.com/science/article/pii/S0960077901001424},
  author = {I.M Irurzun and P Bergero and V Mola and M.C Cordero and J.L Vicente and E.E Mola},
}

@article{Choi_2011,                                                         
  doi = {10.1209/0295-5075/91/46005},
  url = {https://doi.org/10.1209/0295-5075/91/46005},
  year = {2010},
  month = {aug},
  publisher = {{IOP} Publishing},
  volume = {91},
  number = {4},
  pages = {46005},
  author = {J. Choi and D. Crowdy and M. Z. Bazant},
  title = {Diffusion-limited aggregation on curved surfaces},
  journal = {{EPL} (Europhysics Letters)},
}

@article{Pearle_2010,
        author = {Pearle, P. and Collett, B. and Bart, K. and Bilderback, D. and Newman, D. and Samuels, S.},
        year = {2010},
        title = {What Brown saw and you can too},
        journal = {Am. J. Phys.},
        volume = {78},
        pages = {1278–1289},
}

@article{Witten_1981,
    title = {Diffusion-Limited Aggregation, a Kinetic Critical Phenomenon},
    author = {Witten, T. A. and Sander, L. M.},
    journal = {Phys. Rev. Lett.},
    volume = {47},
    issue = {19},
    pages = {1400--1403},
    numpages = {0},
    year = {1981},
    month = {Nov},
    publisher = {American Physical Society},
    doi = {10.1103/PhysRevLett.47.1400},
    url = {https://link.aps.org/doi/10.1103/PhysRevLett.47.1400}
}

@article{Ball_1984,
  title={Diffusion-controlled aggregation in the continuum approximation},
  author={Robin C. Ball and Michael Nauenberg and Thomas A. Witten},
  journal={Physical Review A},
  year={1984},
  volume={29},
  pages={2017-2020}
}

@article{Zhang_2007,
  author = {Zhang, Dongsheng; Samal, Ashok; and Brandle, James R.},
  title = {A Method for Estimating Fractal Dimension of Tree Crowns from Digital Images},
  year = {2007},
  journal = {CSE Journal Articles},
  volume = {97},
}

@article{Einstein_1905,
author = {Einstein, A.},
title = {Über die von der molekularkinetischen Theorie der Wärme geforderte Bewegung von in ruhenden Flüssigkeiten suspendierten Teilchen},
journal = {Annalen der Physik},
volume = {322},
number = {8},
pages = {549-560},
doi = {https://doi.org/10.1002/andp.19053220806},
url = {https://onlinelibrary.wiley.com/doi/abs/10.1002/andp.19053220806},
eprint = {https://onlinelibrary.wiley.com/doi/pdf/10.1002/andp.19053220806},
year = {1905}
}
